0302        000006    1110UMNG                0000000                          X      2420110100000378                                                30015
0602        000006000000000001ABIA NGOUANDOMBI RODIE  BCI                             01100372071266960000000000104436SALAIRE Septembre 2020         30013
0602        000006000000000002ABONGO ITOUA            BCI                             01500372072319360000000000402483SALAIRE Septembre 2020         30013
0602        000006000000000003ABIA NGOUANDOMBI RODIE               BCI                             01100372071266960000000000104436SALAIRE Septembre 2020         30013
0602        000006000000000004ABONGO ITOUA Joel       BCI                             01500372072319360000000000402483SALAIRE Septembre 2020         30013
0602        000006000000000005ABIA NGOUANDOMBI RODIE               BCI                             01100372071266960000000000104436SALAIRE Septembre 2020         30013
0602        000006000000000006ABONGO ITOUA Joel       BCI                             01500372072319360000000000402483SALAIRE Septembre 2020         30013
0602        000006000000000007ABIA NGOUANDOMBI RODIE               BCI                             01100372071266960000000000104436SALAIRE Septembre 2020         30013
0602        000006000000000008ABONGO ITOUA            BCI                             01500372072319360000000000402483SALAIRE Septembre 2020         30013
0602        000006000000000009ABIA NGOUANDOMBI RODIE               BCI                             01100372071266960000000000104436SALAIRE Septembre 2020         30013
0602        0000060000000000010ridha khemiri           BCI                             01500372072319360000000000402483SALAIRE Septembre 2020         30013
0602        0000060000000000011ABIA NGOUANDOMBI RODIE               BCI                             01100372071266960000000000104436SALAIRE Septembre 2020         30013
0602        0000060000000000012ABONGO-ITOUA            BCI                             01500372072319360000000000402483SALAIRE Septembre 2020         30013
0802        0602                                                                            00000000003041514